<?xml version="1.0" encoding="UTF-8"?>
<record xmlns="http://www.loc.gov/MARC21/slim" xmlns:xsi="http://www.w3.org/2001/XMLSchema-instance" xsi:schemaLocation="http://www.loc.gov/MARC21/slim http://www.loc.gov/standards/marcxml/schema/MARC21slim.xsd">
<leader>00000cam a22      a 4500</leader>
<controlfield tag="001">001677689</controlfield>
<controlfield tag="003">NNU</controlfield>
<controlfield tag="005">20150709155555.0</controlfield>
<controlfield tag="008">660101m19639999iq ab    b    000 0 ara d</controlfield>
<datafield tag="035" ind1=" " ind2=" ">
<subfield code="a">(OCoLC)219614730</subfield>
<subfield code="z">(OCoLC)37978744</subfield>
</datafield>
<datafield tag="040" ind1=" " ind2=" ">
<subfield code="a">OTU</subfield>
<subfield code="c">UTO</subfield>
<subfield code="d">BNG</subfield>
<subfield code="d">OCLCO</subfield>
<subfield code="d">IUL</subfield>
<subfield code="d">OCLCF</subfield>
</datafield>
<datafield tag="043" ind1=" " ind2=" ">
<subfield code="a">a-iq---</subfield>
</datafield>
<datafield tag="050" ind1=" " ind2="4">
<subfield code="a">BP187.6 M7</subfield>
<subfield code="b">A1 1963</subfield>
</datafield>
<datafield tag="100" ind1="1" ind2=" ">
<subfield code="a">Daywahʹchī, Saʻīd</subfield>
<subfield code="6">880-01</subfield>
</datafield>
<datafield tag="245" ind1="1" ind2="0">
<subfield code="6">880-02</subfield>
<subfield code="a">Jawāmiʻ al-Maws̄il fī mukhtalaf al-ʻuṣūr /</subfield>
<subfield code="c">taʼlīf Saʻīd al-Daywahjī.</subfield>
</datafield>
<datafield tag="260" ind1=" " ind2=" ">
<subfield code="6">880-03</subfield>
<subfield code="a">Baghdād :</subfield>
<subfield code="b">Maṭbaʻat Shafīq,</subfield>
<subfield code="c">[1963]-</subfield>
</datafield>
<datafield tag="300" ind1=" " ind2=" ">
<subfield code="a">v. :</subfield>
<subfield code="b">ill., maps ;</subfield>
<subfield code="c">24 cm.</subfield>
</datafield>
<datafield tag="504" ind1=" " ind2=" ">
<subfield code="a">Includes bibliographical references.</subfield>
</datafield>
<datafield tag="650" ind1=" " ind2="0">
<subfield code="a">Mosques</subfield>
<subfield code="z">Iraq</subfield>
<subfield code="z">Mosul.</subfield>
</datafield>
<datafield tag="650" ind1=" " ind2="0">
<subfield code="a">Mosques.</subfield>
</datafield>
<datafield tag="650" ind1=" " ind2="7">
<subfield code="a">Mosques.</subfield>
<subfield code="2">fast</subfield>
<subfield code="0">(OCoLC)fst01026761</subfield>
</datafield>
<datafield tag="651" ind1=" " ind2="7">
<subfield code="a">Iraq</subfield>
<subfield code="z">Mosul.</subfield>
<subfield code="2">fast</subfield>
<subfield code="0">(OCoLC)fst01202687</subfield>
</datafield>
<datafield tag="776" ind1="0" ind2="8">
<subfield code="i">Online version:</subfield>
<subfield code="a">Daywahʹchī, Saʻīd.</subfield>
<subfield code="t">Jawami' al-Mawsil.</subfield>
<subfield code="d">Baghdād Maṭba'at Shafīq [1963]</subfield>
<subfield code="w">(OCoLC)760993948</subfield>
</datafield>
<datafield tag="880" ind1="1" ind2=" ">
<subfield code="6">100-01/</subfield>
<subfield code="a">ديوه‌جي، سعيد.</subfield>
</datafield>
<datafield tag="880" ind1="1" ind2="0">
<subfield code="6">245-02/</subfield>
<subfield code="a">جوامع الموصل في مختلف العصور /</subfield>
<subfield code="c">تأليف سعيد الديوهجي.</subfield>
</datafield>
<datafield tag="880" ind1=" " ind2=" ">
<subfield code="6">260-03/</subfield>
<subfield code="a">بغداد :</subfield>
<subfield code="b">مطبعة شفيق،</subfield>
<subfield code="c">[1963]-</subfield>
</datafield>
<datafield tag="OWN" ind1=" " ind2=" ">
<subfield code="a">GENERAL</subfield>
</datafield>
<datafield tag="AVA" ind1=" " ind2=" ">
<subfield code="a">NYU50</subfield>
<subfield code="b">BOBST</subfield>
<subfield code="c">Main Collection</subfield>
<subfield code="d">BP187.6.M7 A25</subfield>
<subfield code="e">unavailable</subfield>
<subfield code="t">Unavailable</subfield>
<subfield code="f">1</subfield>
<subfield code="g">1</subfield>
<subfield code="h">Y</subfield>
<subfield code="i">0</subfield>
<subfield code="j">MAIN</subfield>
<subfield code="k">0</subfield>
</datafield>
</record>
